@MISC{MANUAL,
    author = "{freescale}",
    title  = "{\it K60 Sub-Family Reference Manual}",
    note   = {Document Number: K60P144M100SF2V2RM, Rev. 2 Jun 2012},
}

@misc{wikiIPv6,
    AUTHOR = "{Prispievatelia Wikipedia}",
    TITLE = "{\it Watchdog timer --- {W}ikipedia{,} Slobodná encyklopédia}",
    URL = "https://en.wikipedia.org/wiki/Watchdog_timer",
    NOTE = "[Online; navštívené 29.10.2020]"
}

@MISC{SCHEME,
    author = "{Fakulta informačních technologií - Vysokého učení technického v Brně}",
    title  = "{\it Schéma obvodového zapojení výukového kitu Minerva}"
}